@book{jung2014psychological,
  title={Psychological types},
  author={Jung, Carl Gustav},
  year={2014},
  publisher={Routledge}
}

@misc{mbti,
  author = {Myers-Briggs},
  title = {{MBTI Basics}},
  howpublished = "\url{http://www.myersbriggs.org/my-mbti-personality-type/mbti-basics/home.htm?bhcp=1}",
  year = {2018}, 
  note = "[Online; accessed 21-Jan-2018]"
}

@misc{mbti-IE,
  author = {Myers-Briggs},
  title = {{Extraversion or Introversion}},
  howpublished = "\url{http://www.myersbriggs.org/my-mbti-personality-type/mbti-basics/extraversion-or-introversion.htm}",
  year = {2018}, 
  note = "[Online; accessed 21-Jan-2018]"
}

@misc{mbti-NS,
  author = {Myers-Briggs},
  title = {{Sensing or Intuition}},
  howpublished = "\url{http://www.myersbriggs.org/my-mbti-personality-type/mbti-basics/sensing-or-intuition.htm}",
  year = {2018}, 
  note = "[Online; accessed 21-Jan-2018]"
}

@misc{mbti-TF,
  author = {Myers-Briggs},
  title = {{Thinking or Feeling}},
  howpublished = "\url{http://www.myersbriggs.org/my-mbti-personality-type/mbti-basics/thinking-or-feeling.htm}",
  year = {2018}, 
  note = "[Online; accessed 21-Jan-2018]"
}

@article{maneural,
  title={Neural Networks in Predicting Myers Brigg Personality Type From Writing Style},
  author={Ma, Anthony and Liu, Gus}
}

@article{Blei2003,
  title={Latent dirichlet allocation},
  author={Blei, David M and Ng, Andrew Y and Jordan, Michael I},
  journal={Journal of machine Learning research},
  volume={3},
  number={Jan},
  pages={993--1022},
  year={2003}
}

@inproceedings{Freund1995,
  title={A desicion-theoretic generalization of on-line learning and an application to boosting},
  author={Freund, Yoav and Schapire, Robert E},
  booktitle={European conference on computational learning theory},
  pages={23--37},
  year={1995},
  organization={Springer}
}

@Article{Geurts2006,
author="Geurts, Pierre
and Ernst, Damien
and Wehenkel, Louis",
title="Extremely randomized trees",
journal="Machine Learning",
year="2006",
month="Apr",
day="01",
volume="63",
number="1",
pages="3--42",
abstract="This paper proposes a new tree-based ensemble method for supervised classification and regression problems. It essentially consists of randomizing strongly both attribute and cut-point choice while splitting a tree node. In the extreme case, it builds totally randomized trees whose structures are independent of the output values of the learning sample. The strength of the randomization can be tuned to problem specifics by the appropriate choice of a parameter. We evaluate the robustness of the default choice of this parameter, and we also provide insight on how to adjust it in particular situations. Besides accuracy, the main strength of the resulting algorithm is computational efficiency. A bias/variance analysis of the Extra-Trees algorithm is also provided as well as a geometrical and a kernel characterization of the models induced.",
issn="1573-0565",
doi="10.1007/s10994-006-6226-1",
url="https://doi.org/10.1007/s10994-006-6226-1"
}



@misc{mbti-JP,
  author = {Myers-Briggs},
  title = {{Judging or Perceiving}},
  howpublished = "\url{http://www.myersbriggs.org/my-mbti-personality-type/mbti-basics/judging-or-perceiving.htm}",
  year = {2018}, 
  note = "[Online; accessed 21-Jan-2018]"
}

@article{Hoaglin2003,
  title={John W. Tukey and data analysis},
  author={Hoaglin, David C},
  journal={Statistical Science},
  pages={311--318},
  year={2003},
  publisher={JSTOR}
}

@article{Tukey1977,
  title={Exploratory data analysis},
  author={Tukey, John W},
  year={1977},
  publisher={Reading, Mass.}
}

@book{Velleman1981,
  title={Applications, basics, and computing of exploratory data analysis},
  author={Velleman, Paul F and Hoaglin, David C},
  year={1981},
  publisher={Duxbury Press}
}


@INPROCEEDINGS{Chen2016, 
author={Y. H. Chen and S. F. Li}, 
booktitle={2016 IEEE Congress on Evolutionary Computation (CEC)}, 
title={Using latent Dirichlet allocation to improve text classification performance of support vector machine}, 
year={2016}, 
volume={}, 
number={}, 
pages={1280-1286}, 
keywords={natural language processing;pattern classification;support vector machines;text analysis;SVM;bag-of-words model;feature set;latent Dirichlet allocation;natural language processing;support vector machine;term frequency;term frequency vectors;text classification accuracy;topic information extraction;Computational modeling;Graphical models;Natural language processing;Resource management;Support vector machines;Text categorization;Training;Gibbs sampling;feature;latent Dirichlet allocation;support vector machine;text classification;topic model}, 
doi={10.1109/CEC.2016.7743935}, 
ISSN={}, 
month={July},}


